<?xml version="1.0" encoding="UTF-8"?><collection xmlns="http://www.loc.gov/MARC21/slim"><record><leader>00520nam--2200181-i-4500</leader><controlfield tag="001">000017713</controlfield><controlfield tag="002">20161230</controlfield><controlfield tag="005">20170105145908</controlfield><controlfield tag="008">060222s1000------------r-----000-0-eng-d</controlfield><datafield ind1=" " ind2=" " tag="080"><subfield code="a">513.8(043)</subfield></datafield><datafield ind1=" " ind2=" " tag="100"><subfield code="a">Aarts, J. M</subfield></datafield><datafield ind1=" " ind2=" " tag="245"><subfield code="a">Completeness properties designed for recognizing baire spaces</subfield></datafield><datafield ind1=" " ind2=" " tag="260"><subfield code="a">Warszawa</subfield><subfield code="b">Panstwowe Wydawnictwo Naukowe</subfield><subfield code="c">1974</subfield></datafield><datafield ind1=" " ind2=" " tag="300"><subfield code="a">48p</subfield></datafield><datafield ind1=" " ind2=" " tag="490"><subfield code="a">Dissertationes Mathematicae, Rozprawy Matematyczne</subfield></datafield><datafield ind1=" " ind2=" " tag="700"><subfield code="a">Lutzer, D. J</subfield></datafield><datafield ind1=" " ind2=" " tag="852"><subfield code="a">87385</subfield></datafield><datafield ind1=" " ind2=" " tag="CAT"><subfield code="a">SYS</subfield><subfield code="c">20170105</subfield><subfield code="h">145908</subfield></datafield></record></collection>